@article{auer2002nonstochastic,
  title={The nonstochastic multiarmed bandit problem},
  author={Auer, Peter and Cesa-Bianchi, Nicolo and Freund, Yoav and Schapire, Robert E},
  journal={SIAM Journal on Computing},
  volume={32},
  number={1},
  pages={48--77},
  year={2002},
  publisher={SIAM}
}

@inproceedings{mannor2011bandits,
  title={From bandits to experts: On the value of side-observations},
  author={Mannor, Shie and Shamir, Ohad},
  booktitle={Advances in Neural Information Processing Systems},
  pages={684--692},
  year={2011}
}

@inproceedings{neu2013efficient,
  title={An efficient algorithm for learning with semi-bandit feedback},
  author={Neu, Gergely and Bart{\'o}k, G{\'a}bor},
  booktitle={Algorithmic Learning Theory},
  pages={234--248},
  year={2013},
  organization={Springer}
}

@book{cesa2006prediction,
  title={Prediction, learning, and games},
  author={Cesa-Bianchi, Nicolo and Lugosi, G{\'a}bor and others},
  volume={1},
  number={1.1},
  year={2006},
  publisher={Cambridge University Press Cambridge}
}

@inproceedings{alon2013bandits,
  title={From Bandits to Experts: A Tale of Domination and Independence},
  author={Alon, Noga and Cesa-Bianchi, Nicolo and Gentile, Claudio and Mansour, Yishay},
  booktitle={Advances in Neural Information Processing Systems},
  pages={1610--1618},
  year={2013}
}

@inproceedings{kocak2014efficient,
  title={Efficient learning by implicit exploration in bandit problems with side observations},
  author={Koc{\'a}k, Tom{\'a}{\v{s}} and Neu, Gergely and Valko, Michal and Munos, R{\'e}mi},
  booktitle={Advances in Neural Information Processing Systems},
  pages={613--621},
  year={2014}
}

@article{wasserman1994social,
  title={Social Network Analysis Cambridge University Press},
  author={Wasserman, Stanley and Faust, Katherine},
  journal={New York},
  year={1994}
}
